3016 5172
339 453 536 520 l’aatttarro
557 473 603 519 an
624 477 772 522 rarorum
795 457 1005 522 Enrrrouau·
1180 479 1232 522 νη
1263 481 1291 580 p

107 643 177 724 lis,
214 663 307 737 quos
339 642 446 738 prelo
482 659 628 739 paratos
653 645 814 728 dixerat,
840 645 1094 730 tantummodo
1119 615 1258 718 colle.

8 749 9 830 ξ
108 786 240 839 ctanea
266 765 451 848 habuisse,
478 769 518 838 in
543 769 713 854 ordinem
740 787 817 850 tum
847 769 995 842 demum
1020 748 1231 868 redigenila,

8 949 10 994 .
109 919 197 968 cum
244 893 515 968 redemtorem·
544 895 779 968 invenissent.
857 897 1036 969 Eumdem
1087 921 1232 968 morem

8 1055 9 1064 .
108 1021 222 1090 etiam
249 1037 433 1092 servatum
457 1045 580 1092 essee
613 1022 693 1092 viro
721 1023 1009 1094 laboriosissimo
1044 1023 1085 1092 in
1109 1019 1231 1092 libello

8 1211 9 1216 ,
120 1147 238 1214 Taciti
262 1145 307 1250 de
330 1117 404 1216 situ
427 1143 587 1214 moribus
607 1164 646 1251 ¹at
660 1203 662 1210 .
669 1147 815 1244 populis
838 1149 1070 1240 Germaniae,
1098 1175 1146 1220 ex
1173 1149 1232 1220 his

108 1271 274 1367 patebit,
293 1296 384 1369 quae
409 1287 624 1366 sequuntur.
674 1279 808 1372 Egerat
831 1275 956 1368 paucis
979 1292 1061 1348 ante
1088 1259 1246 1358 obitum

8 1385 10 1504 ζ
108 1399 214 1469 annis
240 1424 325 1470 cum
350 1397 553 1495 bibliopola
578 1398 738 1495 quodam
764 1415 891 1470 extero
926 1399 971 1470 de
996 1401 1123 1471 Tacito
1149 1423 1229 1470 suo.

8 1505 10 1586 l
105 1525 329 1611 Promiserat
372 1523 599 1623 bibliopola,
643 1551 680 1596 se
724 1524 975 1595 redemturum
1020 1550 1097 1595 essa
1130 1549 1230 1595 com·
1323 1531 1326 1539 '
1386 1497 1390 1507 Ι

104 1649 329 1722 mentarium
356 1626 644 1746 Longolianum,
680 1651 710 1723 si
737 1650 1049 1744 specimenillius
1074 1647 1227 1721 vidisset
1283 1647 1289 1708 ἱ

8 1857 9 1864 ¹
103 1791 141 1846 et
175 1776 430 1869 examinasset.
486 1763 591 1872 'Quid
635 1789 713 1847 tum
747 1773 984 1877 Longolius‘i
1041 1775 1225 1850 'Omnibus
1320 1861 1324 1870 ¹

106 1901 189 1972 aliis
221 1900 440 1996 posthabitis
472 1900 678 1986 laboribus,
718 1928 858 1974 summa
884 1901 1076 2000 diligentia
1101 1901 1227 1973 elabo-
1302 1975 1304 1984 ,

8 2053 9 2062 ’
102 2027 197 2098 ravit
233 2027 501 2121 amplissimum
535 2029 837 2116 commentarium
872 2052 892 2100 a
927 2052 1005 2124 cap.
1040 2033 1150 2100 XXII
1175 2019 1226 2082 3·-

101 2157 330 2238 XXIX‚‘et
365 2144 590 2250 bibliopolae
625 2155 835 2230 transmisit.
904 2155 981 2227 Hic
1012 2156 1089 2227 sive
1122 2159 1261 2276 mole'⁸
1309 2187 1310 2191 ¹

99 2279 188 2354 libri
217 2315 269 2336 -·
301 2305 387 2354 nam
426 2296 510 2352 octo
546 2280 678 2352 borum
713 2281 872 2375 capitum
917 2283 1221 2379 commentarius,

102 2404 217 2500 ipsius
238 2402 416 2508 'Longolii
453 2433 564 2478 manu
590 2383 766 2478 adcurate
785 2419 823 2475 et
844 2405 1017 2476 minutim
1044 2407 1221 2502 scriptus,
1251 2439 1254 2448 ·
1304 2459 1308 2467 -
1343 2452 1353 2480 r.

101 2531 232 2628 viginti
275 2535 510 2630 plagularum
554 2533 712 2626 spatium
746 2545 895 2624 superat
919 2563 968 2582 -
994 2529 1077 2600 sive·
1106 2529 1222 2602 inter·
1266 2595 1271 2606 .

96 2657 267 2752 pretantli
291 2657 426 2744 mode,
452 2683 473 2732 a
498 2657 616 2730 nostri
642 2656 755 2730 seculi
782 2653 893 2752 genio
920 2647 1065 2740 alieno,
1103 2656 1221 2728 detera

8 2781 9 2808 ¹
97 2785 211 2868 ritus,
245 2783 497 2859 conditionem
532 2783 671 2876 respuit
697 2781 908 2876 auctorique
936 2804 1004 2850 suo
1024 2805 1220 2872 commen·
1261 2857 1265 2870 .
1314 2864 1316 2868 .

8 2981 15 3002 ‚
97 2912 230 2982 tarium
255 2899 416 2984 remisit.
469 2909 528 2980 Sic
554 2909 716 3004 optimus
730 2908 949 3005 Longolius,
979 2885 1043 3004 spe
1070 2933 1133 2979 sua
1158 2909 1219 2979 de·

8 3063 10 3122 r
95 3033 235 3126 iectus,
260 3036 562 3108 commentarium
590 3035 761 3108 suumin
792 3035 947 3104 meliora
972 3047 1137 3134 tempora
1163 3055 1219 3120 re·

94 3162 315 3237 servandum
340 3179 457 3242 ratus,
496 3162 575 3232 aliis
597 3160 746 3232 interim
771 3150 958 3232 laboribus
984 3185 1022 3230 se
1048 3160 1217 3248 accinxit.

97 3289 236 3385 Quibus
269 3288 359 3364 dum
394 3311 544 3384 operam
580 3285 702 3368 daret,
739 3301 860 3356 secuta
893 3301 948 3354 est
979 3286 1082 3359 illius
1106 3309 1217 3380 mors.

95 3415 286 3488 Dolebant
318 3417 428 3486 multi
460 3410 552 3484 boni
583 3409 754 3506 doctique
788 3411 859 3480 uiri
885 3401 1002 3482 fatum
1025 3409 1217 3512 integerri·

8 3593 9 3612 .
94 3541 147 3612 mi
172 3559 212 3612 et
234 3565 322 3614 vera
346 3539 399 3636 pii
424 3539 621 3645 Longolii,
658 3563 743 3609 cum
768 3535 818 3609 ob
842 3537 943 3608 alias*
956 3561 1100 3621 causas,
1135 3553 1216 3610 tum

92 3665 129 3736 in
155 3664 287 3769 primis
312 3663 360 3738 ob
386 3662 502 3735 Taciti
527 3661 851 3744 commentarium,
886 3663 949 3759 qui
982 3685 1066 3737 cum
1092 3681 1215 3736 aucto·
1272 3689 1276 3696 ·

8 3825 9 3848 r
91 3817 133 3864 re
168 3816 235 3864 suo
271 3792 454 3886 sepultum
486 3786 534 3858 iri
558 3785 762 3864 videbatur.
812 3793 961 3861 Horum
983 3791 1082 3862 haud
1107 3790 1214 3886 pauci

93 3941 113 3990 a
141 3909 223 4004 me,
257 3913 389 3990 auide
422 3913 665 4014 Longolianis
696 3913 855 4010 quodam
892 3915 1006 3988 modo
1042 3935 1212 3990 constare
1292 3957 1299 3969 .

8 4035 9 4114 ἶ
91 4043 275 4130 sciebant,
302 4042 419 4146 literis
443 4041 646 4136 petierunt,
670 4059 714 4112 ut
738 4065 831 4136 opus
856 4045 1131 4139 Longolianum
1154 4031 1213 4115 in·

91 4171 203 4244 tenire
227 4171 439 4267 neutiquam
464 4183 627 4266 paterer,
663 4168 748 4255 sed,
783 4168 814 4248 ti
838 4169 935 4244 nihil
959 4170 1078 4258 aliud,
1113 4185 1212 4240 certe
1264 4166 1266 4172 ’

640 4291 642 4300 '
1115 4295 1212 4396 frag-
