3016 5172
279 451 339 496 xvi
499 431 697 511 Prasiane
719 454 764 502 an
788 443 950 504 iteruin
969 433 1177 505 Ennianum:

152 675 164 697 ,
279 631 370 698 tates
403 605 648 714 spectantibus
674 595 740 693 in
763 623 921 698 clariore
955 585 1040 701 luce
1068 622 1280 718 ponendis*
1331 622 1406 695 Sed

278 767 395 842 quum
423 748 610 842 Kappius,
642 748 789 822 delectu
809 775 888 822 non
917 751 1003 823 satis
1024 749 1196 848 diligenti
1216 764 1253 818 et
1270 745 1407 844 proba·

279 869 347 944 bili
380 895 402 944 e
428 870 573 944 schedis
596 877 842 973 Longoliauis
870 877 987 963 facto,
1023 877 1140 948 multa
1156 875 1273 958 levia,
1297 874 1406 960 trita,
1466 893 1467 902 ¹

276 999 502 1093 'supervacua
527 1001 588 1070 vel
608 989 699 1070 falsa
717 1002 919 1108 tetulisset,
956 1025 1004 1072 ne
1022 1000 1223 1078 lectoribus
1242 1010 1285 1070 e'a
1304 1002 1408 1098 typis

274 1122 480 1218 repetendo
512 1123 672 1196 taedium
702 1111 910 1222 *retur-,¹
950 1142 1012 1196 aut
1041 1107 1129 1196 libii
1150 1125 1283 1198 'moles
1313 1127 1408 1198 citra

277 1251 530 1322 necessitatem
568 1265 784 1365 erigeretur,
827 1251 917 1320 haec
945 1249 1069 1320 omnia
1097 1249 1176 1322 fere
1206 1251 1408 1326 resecanda

238 1394 242 1402 '
277 1399 357 1450 csse
385 1375 523 1448 censui.
574 1378 674 1469 Quae
702 1400 721 1445 a
749 1399 809 1444 me
838 1373 980 1446 additae
1009 1391 1097 1446 sunt
1123 1375 1405 1466 annotationes,
1467 1371 1468 1422 ³

279 1503 425 1594 uncinis
441 1501 601 1573 inclusas
618 1527 637 1572 a
657 1500 901 1598 Longolianis
920 1498 1088 1591 sejunxi3
1114 1501 1154 1574 in
1173 1500 1306 1600 quibus
1325 1510 1405 1575 VV.

279 1756 424 1850 saepius
439 1751 613 1832 laudatis,
640 1775 703 1837 ne,
727 1751 786 1820 his
806 1753 969 1837 mutatis,
985 1746 1096 1822 etiam
1112 1752 1154 1824 in
1175 1777 1305 1828 eorum
1324 1777 1408 1824 sen·

278 1878 405 1952 tentiis
438 1875 577 1970 aliquid
606 1890 786 1948 mutatum
816 1874 1023 1962 videretur,
1048 1893 1231 1973 quotquot
1251 1903 1327 1950 non
1348 1903 1410 1950 so..

164 1993 170 2016 ’
279 2011 360 2079 lum
379 2001 594 2074 Germaniae
614 1997 840 2095 exemplaria
871 2017 933 2072 aut
948 1996 1061 2074 latine
1077 2000 1173 2074 edita
1192 2018 1254 2076 aut
1273 2003 1313 2074 iu
1332 2003 1407 2074 lin-

281 2153 390 2226 guam
415 2130 650 2200 vernaculam
670 2150 868 2213 conversa,
896 2127 1086 2204 sedetiam
1105 2128 1227 2201 libelli
1246 2126 1411 2200 animad-

281 2257 516 2340 versionum,
552 2254 717 2348 variique
749 2253 895 2350 generis
923 2251 1033 2338 libri,
1080 2251 1413 2328 commentationes

281 2383 467 2465 nuncies,
505 2402 680 2452 censurae
705 2379 746 2448 in
767 2375 905 2448 Diariis
931 2378 1125 2462 literariis,
1151 2394 1194 2450 ut
1213 2377 1407 2450 nominem

283 2523 427 2580 tanturn
455 2506 625 2584 Jenensia
654 2502 717 2597 ²⁸),
748 2501 986 2586 obtulerunt,
1021 2503 1053 2574 si
1082 2503 1200 2576 Taciti
1228 2504 1410 2600 interpre-
1470 2564 1471 2570 ,

283 2619 461 2706 tationem
481 2629 714 2719 adjuvarent,
746 2625 788 2696 in
805 2652 912 2700 usum
928 2649 1052 2705 meum
1072 2631 1251 2702 converti.
1301 2633 1412 2700 Prae·

281 2775 383 2832 terea
402 2776 499 2826 nova
519 2765 734 2849 argumenta
751 2749 922 2842 pleniora
941 2775 960 2822 a
977 2775 1038 2820 me
1057 2754 1263 2850 conscripta
1283 2755 1411 2851 singu.

285 2884 333 2957 lis
350 2876 530 2976 capitibus
548 2873 724 2972 praefixi,
759 2857 968 2969 multosque
987 2877 1090 2946 locos
1109 2878 1329 2974 scriptorum
1348 2900 1412 2954 aut

285 3007 521 3104 negligenter
557 3019 621 3076 aut
654 3001 748 3074 falso
786 2997 954 3074 laudatos
994 3001 1195 3074 accuratius
1234 3005 1410 3084 indicavi.

285 3138 417 3227 Neque
441 3133 539 3202 mala
555 3119 715 3200 latinitas
743 3125 1104 3222 Kappiana,-qua1n
1136 3154 1158 3202 a
1184 3128 1345 3226 puritate
1372 3150 1413 3206 et

209 3267 214 3272 “
286 3256 469 3356 elegantia
493 3253 647 3328 minime
677 3249 930 3344 commendari
959 3250 1121 3345 primum
1151 3255 1312 3330 inruenti
1339 3275 1412 3332 sta·

198 3387 209 3396 '
286 3386 373 3458 tim*
394 3382 438 3455 in
476 3381 607 3452 oculos
631 3378 813 3458 incurret,
866 3376 1001 3450 intacta
1032 3395 1110 3452 erat
1145 3379 1411 3482 relinquenda,

262 3478 398 3610 'quam
422 3506 550 3586 multis
578 3502 692 3588 locis,
727 3499 849 3600 quoad
873 3499 955 3594 ejus
976 3500 1059 3578 fieri
1087 3522 1251 3602 poterat,
1287 3525 1324 3581 et
1341 3535 1412 3608 per

1286 3655 1409 3712 meam

287 3737 496 3760 ..n-

331 3850 360 3932 ¹⁸)
383 3851 430 3912 Cf·
455 3851 540 3908 cen.
564 3848 715 3907 Translatt.
734 3848 906 3908 Germanice.
926 3848 1051 3912 Bredov.
1071 3851 1207 3910 Tunnica.
1221 3869 1249 3908 et
1271 3855 1413 3916 Bischoii.

374 3934 466 3994 1817.
484 3937 561 4008 Sept·
579 3951 624 3992 nr.
649 3932 720 3993 167.
739 3930 819 4002 168,
840 3933 924 3990 Gaas·
945 3933 1002 3988 aa.
1017 3933 1141 3991 Brsdcv.
1165 3939 1206 3990 11.
1225 3934 1314 3998 1818.
1331 3943 1409 4022 Aug.

370 4039 416 4076 nr·
435 4015 595 4079 150.151.
617 4016 701 4074 Cant·
718 4017 772 4078 Ed.
792 4018 908 4072 Pastor·
926 4017 1006 4076 ch.
1018 4018 1148 4076 antae·
1170 4019 1240 4075 206.
1251 4056 1264 4087 ‚
1285 4041 1410 4097 quorum

371 4101 559 4180 posteriorum
576 4101 718 4158 vum).
731 4098 898 4179 conjecturis
907 4137 917 4166 ,
938 4099 1091 4155 maximam
1107 4113 1212 4177 partem
1225 4103 1288 4182 jura
1298 4105 1409 4180 impro-

371 4183 493 4256 baffia,
510 4179 620 4240 nollent
641 4182 817 4264 Sptengeliua
840 4195 869 4238 et
888 4180 1067 4239 Schluetenu
1094 4197 1204 4242 tautum
1232 4185 1409 4246 tribuissent.

115 1621 117 1628 ’
180 1631 182 1638 '
218 1611 228 1618 ⁵
278 1633 371 1706 DD.
396 1623 687 1710 observationes,
723 1627 835 1728 ipsis,
880 1626 1012 1724 quibus
1051 1629 1108 1702 usi
1140 1646 1229 1700 sunt
1259 1629 1404 1714 verbis,
1468 1648 1469 1734 l
