3016 5172
266 455 496 544 „Parisino
518 482 563 542 an
586 495 750 564 anrsnan
773 477 984 544 Emrronsu.
1024 543 1034 560 ,
1132 497 1197 543 xur

17 693 20 738 t
67 657 156 756 quid
194 622 241 732 de
275 661 347 734 hao
379 662 551 736 Editione
588 663 635 735 sit
660 665 967 774 exspectandum,
1005 663 1194 762 quomodo

69 787 243 861 subsidiis
268 789 313 862 ad
339 789 460 861 Taciti
486 791 722 864 Germaniam
755 785 888 863 melius
923 790 1101 863 edendam
1136 789 1197 862 ad·
1313 888 1316 894 Ι
1362 835 1366 846 ·
1417 792 1421 804 '

65 912 238 985 bibendis
275 915 344 986 sim
380 939 490 1002 usus,
548 933 732 1014 quotquot
776 918 974 1002 nimirum,
1020 916 1195 1013 quoniqm
1255 976 1260 980 ,

21 1045 25 1052 “
68 1041 281 1125 Hanoviae,
326 1039 425 1114 urbe
452 1039 626 1114 omnibus
665 1043 748 1116 aliis
782 1041 891 1124 rebus
916 1043 1061 1139 potius,
1087 1063 1195 1136 quam

17 1199 19 1214 ·
71 1165 186 1237 literis
209 1163 392 1263 bonisque
417 1167 554 1240 artibus
582 1167 780 1249 affluente,
810 1193 951 1242 summa
969 1167 1149 1242 librorum
1161 1165 1194 1254 ²⁸)

36 1339 42 1345 -
73 1295 227 1388 penuria
252 1317 425 1388 premor,
461 1320 529 1370 nec
545 1265 715 1368 [aliunde
749 1295 821 1366 nisi
845 1295 1030 1366 minorem
1052 1278 1195 1387 'partem

17 1465 19 1484 ,
70 1419 204 1490 avinis
229 1416 419 1492 benevolis
445 1421 645 1517 expetitam
683 1421 902 1517 conquirere
926 1436 1114 1518 poteram,
1148 1415 1195 1490 ad

69 1569 212 1654 manus!
227 1545 378 1617 fuerunt
390 1569 402 1629 ς
437 1545 614 1641 quidnam
638 1545 788 1634 consilii
812 1546 852 1616 in
879 1546 992 1616 altera
1019 1541 1215 1614 Editione'

69 1664 282 1744 adornanda
316 1670 488 1767 persequi
524 1671 733 1756 statuerim,
778 1670 904 1765 paucis
940 1691 1129 1766 exppnere
1153 1666 1194 1738 in

68 1799 190 1877 animo
217 1811 284 1868 est.
491 1777 494 1783 ¹
977 1789 979 1794 ’

164 1951 290 2045 Quum
316 1947 420 2020 nulla
446 1945 662 2020 Editionum
689 1947 814 2020 adhuc·
832 1947 872 2019 in
897 1951 1021 2021 lucem
1048 1947 1194 2017 emissa·
1259 1995 1263 2003 f

68 2103 145 2149 rum
180 2075 227 2147 ab
260 2076 363 2148 omni
395 2091 498 2172 parte
523 2074 573 2146 ita
598 2075 808 2162 satisfaciat,
875 2089 914 2146 ut
938 2091 975 2145 et
999 2073 1134 2144 criticis
1158 2089 1197 2144 et

17 2193 19 2200 ’
70 2201 271 2301 exegeticis
306 2202 603 2274 annotationibus
645 2203 691 2276 ad
730 2206 882 2298 plenam
917 2187 1194 2297 accuratamque
1300 2243 1304 2250 ·

70 2328 262 2422 scriptoris
294 2327 580 2426 intelligentiam
614 2346 653 2400 et
687 2327 1031 2423 interpretationem
1068 2352 1194 2398 neces·

73 2453 178 2524 soriis
209 2452 256 2523 sit
284 2427 371 2525 satis
394 2455 597 2539 instructa,
641 2449 796 2548 jureque
829 2451 871 2522 in
896 2451 1068 2524 Editione
1092 2435 1208 2523 Lon-⁵

67 2577 238 2678 goliana,
270 2600 362 2672 quae
387 2600 465 2648 non
491 2575 629 2672 ubique
653 2579 784 2648 lectori
816 2576 998 2650 auxilium
1024 2575 1218 2672 suppedir

76 2718 250 2788 tet,.aut
282 2702 409 2774 multis
443 2703 483 2773 in
522 2702 631 2776 rebus
664 2703 896 2798 explicandis
920 2695 1016 2774 eurit'
1031 2702 1193 2808 deserat,

18 2807 22 2874 ¹
71 2827 174 2903 haud
203 2807 321 2924 pauca
356 2809 630 2918 desiderentur,
658 2829 731 2900 duo
757 2829 1012 2924 potissimum,
1036 2843 1079 2897 ut
1103 2824 1194 2897 novi

18 2965 24 3026 l
66 2943 227 3027 Editoris
253 2951 420 3040 officium
448 2957 662 3050 explerem,
697 2954 893 3055 spectanda
917 2950 995 3066 esse
1027 2953 1168 3050 putavi.

168 3135 293 3208 Altera
306 3130 482 3206 muneris
506 3155 591 3228 pars
613 3145 717 3215 erat,
746 3147 788 3203 ut
812 3156 965 3206 omnem
989 3133 1194 3208 lectionum

67 3261 250 3336 variarum
277 3257 530 3354 farraginem,
569 3265 594 3330 'a
629 3255 775 3355 Kappio
816 3283 865 3331 ex
909 3276 1014 3356 parte
1048 3275 1208 3368 tantum¹
1256 3335 1258 3339 ,

66 3405 127 3462 aut
162 3384 429 3486 negligentius,
472 3379 639 3456 fontibus
679 3382 822 3480 saepius
855 3407 942 3474 non
967 3382 1190 3492 nominatis,

1126 3535 1192 3584 ex·

63 3613 271 3638 m

104 3781 137 3863 ⁸)
159 3785 241 3846 uum
261 3783 394 3847 nasone
421 3785 674 3844 aremari-tona.
694 3779 775 3864 1819
788 3808 828 3824 -
843 3779 935 3842 1820.
952 3781 1111 3846 avana..
1124 3757 1207 3844 ηιξ

150 3911 229 3986 gata,
258 3915 313 3972 qus
330 3897 372 3952 uti
387 3913 446 3951 non
461 3891 580 3967 licebat,
596 3887 708 3951 ¹Nostro
726 3893 851 3950 multum
872 3897 932 3972 opit
952 3895 1080 3975 lucisque
1094 3897 1194 3955 aflera-

152 4022 232 4080 tur,v
249 4007 395 4063 decernere
420 4021 539 4080 nequeo·
576 4005 604 4066 J.
629 4005 664 4059 F.
691 4005 732 4062 N.
764 4003 888 4060 Fischeri
916 4003 1132 4082 disputationem
1158 4006 1195 4062 de

150 4130 215 4175 octo
228 4105 303 4172 locis
318 4115 349 4171 io
370 4115 440 4172 Tac·
457 4089 575 4184 Geron,
597 4131 668 4188 ‘lum
684 4111 788 4190 prodiit
802 4113 1037 4191 Gryphismldae
1048 4111 1138 4177 1823.
1154 4118 1195 4174 to

149 4225 243 4307 plrgg·
262 4222 312 4298 8..
333 4223 436 4284 unna
462 4220 534 4280 mihi
550 4219 709 4298 comparare·
732 4219 837 4280 studui.
