3016 5172
326 496 380 542 111
517 471 751 542 'Pntnrnrro
774 495 819 542 tn
840 495 1000 572 ananam
1021 475 1229 550 Enrrronnn·
1329 505 1332 512 ¹

267 687 272 695 ·
303 685 310 746 j
325 661 457 736 dandis
491 671 554 737 a'ut
583 662 813 762 explicandis
831 642 945 770 1ιιιιιι1
961 653 1122 750 ,frustra
1140 676 1184 778 et
1218 663 1295 737 sine
1333 661 1442 737 laude

212 853 213 862 ,
325 793 486 865 studium
519 816 742 888 operamque
779 791 823 863 ab
855 792 938 874 aliis
970 792 1088 867 adhuc
1119 817 1229 888 posse
1254 791 1442 864 collocari.

249 913 260 918 ”
323 899 428 990 Lidet
453 917 552 991 enim
576 923 714 990 Noster
735 941 804 1014 per
829 915 970 1012 aliquot
995 917 1169 1014 deinceps
1200 919 1342 992 saecula
1368 917 1442 988 edi-

221 1141 222 1151 *
323 1061 422 1140 tores
458 1061 583 1116 nactus
616 1046 664 1117 sit
694 1045 884 1146 egregios,
918 1045 958 1116 in
982 1041 1103 1115 verbis
1137 1043 1295 1115 auctoris
1320 1066 1443 1112 emen·

320 1167 742 1267 dandis'sententiisque
767 1168 999 1267 exponendis
1034 1195 1175 1257 summa
1198 1168 1380 1242 industria
1406 1185 1444 1239 et

244 1371 247 1382 J
285 1388 289 1397 .
320 1297 526 1368 eruditione
552 1315 736 1380 versatos,
762 1311 887 1368 tamen
913 1295 1033 1391 nupe‘r
1056 1296 1268 1382 Passovius,
1303 1295 1362 1366 vir
1387 1295 1443 1366 in·

303 1422 422 1518 ¹genii
455 1424 621 1494 acumine
658 1439 696 1494 et
734 1419 904 1493 doctrine
925 1435 1087 1494 accurata
1113 1403 1358 1524 prfl'aptaque
1383 1421 1442 1492 in·

242 1591 258 1604 s
319 1547 454 1644 signis,
497 1547 635 1643 siquis
661 1548 774 1632 alins,
822 1546 868 1618 de
901 1546 1030 1617 Nostri
1064 1549 1261 1642 Germqnia
1299 1547 1442 1642 optime

318 1673 491 1757 meritus,
509 1665 732 1745 luculenter
767 1671 1052 1758 demonstravit,
1096 1688 1273 1768 quantum
1296 1671 1443 1742 Editori

308 1799 479 1894 ,τεΙίιῙιιί
478 1801 525 1871 sit
549 1799 707 1884 factum,
744 1815 782 1869 et
815 1823 995 1894 quaenam
1029 1797 1088 1868 via
1113 1796 1149 1868 ei
1173 1797 1440 1894 ingredienda,

317 1925 381 2020 qui
415 1939 476 1994 aut
509 1922 728 2013 conjecturis
774 1939 836 1994 aut
869 1924 977 2030 malis
1015 1921 1238 1995 lectionibus
1273 1946 1294 1994 e
1333 1937 1440 1995 textu

316 2048 507 2140 ejiciendis
542 2049 753 2154 germanam
778 2023 964 2144 scriptoris
990 2047 1195 2121 orationem
1219 2042 1357 2140 ubique
1383 2070 1441 2116 re·

199 2237 202 2242 .
269 2195 273 2203 ’
317 2177 466 2248 stituere
490 2175 602 2264 velit5
629 2176 729 2272 quod
754 2173 904 2246 demum
930 2187 1015 2268 post
1046 2195 1173 2244 omnes
1201 2169 1371 2242 Codices.
1380 2196 1440 2244 ac·

187 2325 196 2345 ⁸
314 2302 492 2387 curatius,
519 2317 629 2397 quam
655 2299 889 2396 hucusque
878 2325 919 2370 m
943 2297 1129 2396 plerisque
1164 2295 1300 2368 factum
1336 2295 1441 2367 vide·

234 2459 236 2468 ι
279 2447 282 2452 ·
314 2431 449 2522 rimus,
493 2450 670 2544 excussos
702 2425 819 2522 possit
843 2425 990 2520 sperari.
1050 2425 1108 2494 De
1142 2420 1249 2492 rebus
1276 2419 1439 2496 adanti·

312 2553 487 2650 quitates,
511 2553 776 2654 geographiam
802 2552 1067 2649 historiamque
1102 2546 1316 2618 Germaniae
1342 2549 1437 2618 anti·

312 2678 523 2774 quissimam
558 2675 824 2771 pertinentibus
858 2677 921 2744 vel
955 2673 1124 2744 Editores
1157 2673 1199 2742 in
1225 2671 1325 2743 notis
1349 2697 1437 2773 ege·

311 2819 414 2884 runt,
440 2805 503 2872 vel
527 2805 603 2870 VV.
630 2803 716 2872 DD.
750 2799 938 2896 ingentem
973 2780 1155 2872 librorum
1189 2799 1437 2897 singularium

311 2928 358 2998 ad
397 2929 533 2998 calcem
559 2923 761 3004 'Editionis
802 2926 1058 3020 Longolianae
1098 2929 1127 2994 l'.
1164 2939 1201 3026 et
1241 2925 1431 2996 Historiae
1490 2995 1491 3002 ,

297 3051 530 3122 'Barthianae
565 3053 675 3122 Tom.
708 3051 757 3118 11.
799 3074 970 3148 magnam
1009 3066 1152 3146 partem
1184 3052 1433 3126 indicatorum
1490 3053 1491 3064 ’

311 3177 456 3272 copiam
485 3176 805 3272 conscripserunt,
840 3161 1064 3272 exquibus,
1090 3179 1121 3256 si
1146 3202 1166 3249 a
1191 3180 1433 3272 praestantio-

308 3301 409 3375 ribus
433 3275 660 3385 discesseris,
695 3305 797 3373 velut
829 3303 1011 3386 Cluverii,
1038 3305 1212 3398 Speneri‚
1238 3307 1429 3392 Moeseri,

308 3429 517 3513 Mannerti,
542 3427 759 3526 Adelungii,
783 3429 947 3516 Barthii‚
971 3427 1187 3516 wilhelmi,
1214 3455 1327 3529 quum
1349 3455 1429 3504 sae·

275 3557 389 3652 „pius
423 3571 498 3626 tam
530 3557 646 3628 multa
680 3553 811 3626 autad
844 3570 1056 3630 nostrorum
1081 3571 1291 3654 temporum
1317 3562 1428 3632 ratio·

306 3705 394 3754 nem
436 3682 560 3754 minus
603 3675 883 3753 accommodata*
918 3696 980 3754 aut
1009 3701 1011 3706 ·
1018 3675 1169 3776 prorsus
1203 3684 1326 3758 futilia
1361 3703 1426 3758 aut

304 3809 397 3882 falsa
415 3809 664 3889 contineant,
701 3805 789 3901 quid
823 3803 910 3876 inde
950 3806 995 3879 ad
1029 3813 1206 3884 Nostrum
1231 3814 1422 3886 illustran.

304 3933 392 4006 dum
416 3931 494 4028 peti
517 3933 652 4039 possit,
676 3930 775 4002 haud
798 3930 906 4004 facile
933 3932 1047 4006 fuerit
1071 3934 1183 4010 dictu.

404 4057 474 4128 Sed
508 4080 555 4128 ne
590 4055 648 4127 his
686 4055 961 4152 praemittendis
986 4061 1140 4134 lectores
1163 4063 1416 4162 intelligentes

300 4181 435 4276 diutius
451 4207 584 4263 morer,
616 4198 653 4254 et
672 4198 712 4253 ut
729 4182 800 4277 ipsi
817 4182 933 4276 probe
951 4180 1182 4288 jampossint
1200 4186 1416 4280 dijudicare,
1490 4167 1491 4222 i
