3016 5172
272 536 308 576 vr
492 511 689 575 Patararro
710 527 756 574 nn
777 527 924 574 aaronem
948 508 1156 576 Enrrtotteu.

267 702 464 797 ¹longarum
502 697 787 808 disputationum
824 721 932 794 super
969 693 1122 793 singulis
1146 688 1267 768 verbis
1283 691 1390 810 ¹nihil

266 828 424 900 omnino
449 824 719 910 desiderarent,
747 823 847 921 quod
872 823 915 894 ad
941 821 1224 919 etymologiam,
1261 820 1390 892 ortho-

149 991 162 1010 ι
194 937 198 950 ’
269 953 483 1049 graphium,
509 952 800 1050 grammaticam,
836 949 1019 1033 criticam,
1053 941 1200 1042 tropos,
1235 941 1409 1044 figuras,
1497 1049 1498 1052 Ἴ

269 1075 480 1158 historiam,
508 1074 793 1175 geographiam,
812 1069 1066 1170 antiquitates,
1086 1071 1389 1168 parallelismum,
1497 1059 1498 1062 ¹

156 1222 159 1226 ·
269 1203 396 1274 stilum
418 1217 458 1272 et
483 1227 561 1276 rem
590 1203 790 1274 literariam
824 1201 1035 1298 pertineret.
1096 1197 1252 1272 Avidius
1273 1197 1425 1296 igitur·

268 1325 529 1423 exspectabant
573 1353 697 1400 rerum
743 1317 1041 1414 Germanicarum
1090 1326 1244 1400 studiosi
1291 1323 1389 1397 haud

267 1452 376 1550 pauci
398 1443 577 1552 Longolii
612 1478 706 1547 opus
734 1453 883 1550 'saepius
918 1453 1172 1560 promissum.
1200 1466 1390 1548 exspecta·

205 1565 207 1572 ’
267 1577 358 1652 bant
393 1580 698 1652 commentarium
734 1579 905 1665 omnibus
940 1579 1018 1652 fere
1050 1579 1217 1672 ¹numeris
1242 1577 1389 1651 absolu·

267 1723 368 1792 tum,
404 1703 469 1802 qui
501 1703 573 1774 viri
607 1704 808 1779 doctissimi
840 1709 1019 1802 α’γχὶνοιαη
1051 1711 1108 1780 καὶ
1129 1705 1300 1798 ἀκρίβειαν
1323 1723 1390 1778 no'-
1499 1755 1500 1758 κ

267 1845 405 1936 verant.
473 1831 676 1904 Enimvero
717 1857 818 1905 mors
841 1857 980 1912 ¹senem
1021 1829 1272 1936 venerandum
1307 1829 1390 1905 orbi

267 1956 435 2030 literaria
469 1955 637 2042 abstulit,
671 1974 865 2055 antequam
900 1983 994 2055 opus
1026 1954 1072 2028 ad
1106 1955 1221 2029 finem
1256 1957 1392 2054 perdu·
1500 1979 1501 1984 ’

215 2152 217 2158 .
266 2101 351 2151 cere
394 2077 524 2176 eique'
548 2080 763 2152 coronidem
806 2080 1001 2179 imponere
1045 2081 1236 2178 potuisset.
1301 2087 1391 2158 Erat
1500 2063 1501 2094 ³

242 2205 366 2306 “enim
401 2206 460 2276 vir
493 2201 630 2278 laboris
659 2203 945 2302 patientissimus
980 2205 1109 2279 multis
1144 2205 1227 2318 aliis
1252 2202 1391 2277 labori·

266 2328 334 2404 bus
366 2329 419 2405 ita
453 2327 657 2417 districtus,
700 2347 742 2403 nt
774 2331 846 2428 ipsi
880 2349 1026 2428 praeter
1055 2331 1208 2404 horulas
1234 2329 1391 2402 subseci-

265 2481 330 2528 vas
373 2457 453 2529 fere
487 2457 583 2532 nihil
620 2458 799 2554 temporis
833 2457 880 2562 ad
913 2455 1235 2530 consummandam
1270 2454 1390 2534 Taciti

266 2580 467 2656 editionem
502 2582 785 2676 relinqueretur.
845 2585 928 2651 'Nec
963 2579 1102 2664 obstat,
1136 2581 1258 2654 virum
1293 2581 1389 2678 op'ti·
1502 2571 1503 2610 l

264 2734 368 2782 mum
411 2708 554 2804 saepius
596 2707 642 2782 de
686 2731 750 2777 sua
783 2705 900 2777 Taciti
935 2703 1098 2776 editione
1137 2705 1189 2778 ita
1221 2709 1388 2780 locutum

264 2855 366 2917 esse,
411 2855 453 2903 ac
489 2829 519 2902 si
551 2829 625 2921 jam
660 2829 797 2905 dudum
830 2808 940 2927 preld
974 2846 1069 2901 esset
1103 2848 1239 2927 parata.
1298 2830 1388 2923 Ejus

264 2955 366 3031 enim
404 2980 486 3029 nros
520 2954 593 3030 tuit
626 2972 845 3054 perpetuus,
887 2956 1025 3041 libros,
1071 2980 1164 3052 quos
1197 2957 1308 3029 edere
1344 2959 1387 3031 in

264 3083 388 3158 animo
430 3079 625 3164 habuerat,
672 3095 857 3178 tamquam
903 3081 1095 3154 conlectos
1141 3097 1180 3156 et
1221 3081 1296 3174 iam
1339 3079 1388 3156 ad

263 3205 378 3284 linem
421 3206 638 3307 perductos,
682 3223 781 3279 certe
815 3209 922 3302 prelo
957 3207 1179 3304 typographi
1215 3225 1383 3304 paratos,

262 3336 525 3432 pronuntiare;
565 3337 655 3406 licet
687 3335 765 3406 illis
807 3332 892 3406 tum*
920 3335 1070 3406 demum
1103 3336 1272 3410 ultimam
1310 3360 1387 3408 ma-

262 3485 354 3534 num
388 3458 578 3550 adjiceret,
602 3439 700 3530 'cum
745 3457 820 3552 jam
864 3460 1021 3554 primam
1055 3462 1243 3559 plagulam
1281 3465 1386 3558 prela

262 3567 488 3663 exercerent.
547 3587 629 3660 Hoc
662 3585 760 3656 inter
792 3607 922 3660 omnes
948 3601 1109 3670 constat,
1143 3589 1207 3683 qui
1232 3591 1388 3689 Longo·

262 3713 357 3785 lium
382 3713 528 3810 penitus
552 3725 760 3806 noverunt,
785 3727 893 3806 atque
920 3713 1153 3810 typographi
1166 3717 1252 3811 plus
1275 3739 1385 3813 quam

264 3841 378 3911 semel
403 3837 595 3934 conquesti
622 3852 727 3922 sunt,
749 3838 977 3937 Longolium
998 3839 1205 3934 typothetis
1222 3844 1387 3938 plerum·

263 3987 335 4060 que
359 3965 528 4038 minimas
554 3941 695 4034 tanttim
727 3959 908 4034 librorum
944 3963 1276 4060 imprimendorum
1301 3989 1385 4061 par·

263 4087 395 4160 ticulas
418 4114 485 4183 per
512 4086 626 4160 scidas
650 4087 810 4161 minutas
835 4087 985 4162 subinde
1010 4091 1165 4163 niisisse.
1226 4093 1381 4166 Nemini

264 4238 353 4314 ergo
381 4215 515 4292 mirum
541 4212 656 4288 videri
681 4212 807 4299 debet,
843 4215 964 4290 virum
997 4217 1179 4314 optimum
1205 4213 1251 4287 de
1277 4215 1383 4289 libel·

1305 4344 1375 4428 lis,
