3030 5184
332 485 396 550 210
451 453 459 466 .
520 468 522 472 ¹
629 496 634 508 ·
689 477 743 540 tC.
766 477 931 572 Conuecn
954 481 1077 542 Tacrrr

297 671 373 752 9in
410 669 533 768 aliquo
568 691 753 740 ramorum
790 691 891 736 nexu
923 679 1174 762 contegantur.
1225 667 1309 740 Huc
1329 667 1366 754 n)
1396 693 1458 738 re·

333 771 449 840 deunt
480 765 652 856 juvenes,
696 769 768 837 hcc
807 781 938 836 senum
972 767 1253 858 receptaculum.
1325 765 1404 834 Sed
1424 769 1459 851 ⁰)

331 861 471 941 beatius
497 863 736 948 arbitrantur,
764 889 870 960 quam
896 865 1087 961 ingemere
1113 865 1208 954 agris
1227 866 1279 953 ¹²),
1316 865 1459 936 iltab0.·

331 993 413 1040 rare
448 965 617 1036 domibus
638 971 696 1046 q),
733 987 813 1033 suas
840 964 1056 1057 ,alienasque
1093 962 1256 1034 fortunas
1282 989 1347 1060 spe
1377 990 1459 1036 me·

272 1081 317 1148 10
332 1084 443 1162 tuque
468 1089 623 1138 versare.
676 1064 800 1132 Securi
826 1064 995 1132 adversus
1019 1062 1207 1146 homines,
1243 1065 1365 1133 securi
1395 1065 1458 1134 ad·

330 1181 456 1234 versus
484 1165 585 1234 Deos
603 1167 661 1251 ¹f),
696 1187 775 1232 rem
801 1159 1059 1233 difficillimam
1085 1161 1237 1232 assecuti
1265 1179 1375 1246 sunt,
1416 1179 1458 1233 ut

269 1287 314 1354 11
329 1265 405 1336 illis
437 1287 485 1333 ne
530 1279 618 1334 voto
654 1261 801 1358 quidem
837 1285 930 1354 opus
966 1276 1058 1333 esset
1082 1259 1131 1350 ⁸).
1205 1265 1330 1331 Cetera
1379 1259 1456 1350 jam

1350 1359 1457 1432 fabu-

370 1573 405 1655 n)
428 1577 608 1652 imbriumque
620 1594 810 1634 *ramerum
821 1593 870 1627 ne·
911 1574 1011 1630 horare
1030 1575 1124 1630 eadem
1138 1576 1244 1634 ratione
1260 1591 1343 1650 etque
1370 1579 1453 1650 inge·

326 1683 369 1718 eeu
399 1675 596 1734 contegantur.
637 1661 716 1719 Huc]
777 1656 869 1718 [Ym-
910 1663 992 1712 mer'e.
1015 1662 1089 1717 Cum
1108 1662 1138 1714 iu
1154 1674 1252 1736 neget,
1272 1659 1338 1714 inde
1355 1662 1454 1718 Senec.

313 1747 471 1818 &ritumque
496 1744 566 1802 cod.
595 1745 664 1800 Tur·
692 1741 869 1818 hyntbrium·
910 1742 1061 1814 Episn97.
1078 1755 1153 1796 terra
1169 1743 1324 1806 illaborata
1341 1756 1386 1800 eet
1404 1759 1454 1817 pro

245 1853 247 1863 ·
327 1847 379 1901 que
404 1828 476 1902 Spir.
505 1825 586 1885 Rath.
618 1824 691 1878 male
719 1825 755 1880 cf.
784 1827 866 1882 Voss.
908 1843 965 1877 nun
984 1824 1114 1880 laborata
1142 1839 1224 1898 atque
1253 1821 1336 1879 culta.
1381 1828 1452 1880 Rern

325 1911 425 1986 Etym.
453 1912 489 1964 L.
518 1909 552 1960 L·
574 1927 603 1981 p·
625 1909 697 1962 262.
730 1906 887 1979 Conteguv
909 1906 1030 1981 explicat
1051 1909 1189 1962 Ammian.
1210 1911 1299 1962 Marc.
1317 1907 1338 1962 l.
1360 1925 1388 1970 e,

326 2004 372 2043 tur
386 1992 440 2044 Ed.
458 1991 524 2045 Ald.
544 1989 701 2044 Nune.Ed.
721 1991 814 2047 Non]
875 1981 877 1988 ¹
949 1984 976 2064 r)
999 1995 1152 2043 securi-
1179 1990 1275 2048 Deos]
1332 1993 1451 2048 [Senec.

367 2073 398 2138 o)
421 2077 487 2130 sed]
518 2072 696 2130 [Lectionem
718 2069 810 2126 codd.
837 2075 865 2124 et
904 2073 998 2146 Epist.
1017 2077 1066 2128 17.
1087 2075 1116 2128 iu
1134 2070 1355 2128 commendanda
1380 2093 1449 2147 pau·

326 2171 398 2210 vett.
427 2153 500 2209 Edd.
531 2152 674 2206 reductam
698 2151 730 2206 ab
754 2155 865 2207 Ernest.
905 2171 1026 2229 pertatee
1043 2156 1208 2228 Paupertas
1222 2158 1385 2226 expedita,
1406 2173 1450 2206 se·

326 2249 450 2311 recepere
474 2241 580 2293 Broter.
609 2234 725 2290 Seebod.
750 2237 864 2290 Passer.
906 2258 975 2290 cura
1008 2237 1224 2296 estetc.1bid·
1256 2237 1376 2314 Quanto
1400 2238 1449 2290 hoe

325 2341 376 2396 pro
404 2322 457 2390 Id,
483 2339 497 2372 e
529 2320 688 2396 conjectura
710 2317 800 2372 Rhea.
833 2319 864 2370 iu
908 2323 999 2389 majus
1022 2335 1087 2387 est,
1109 2339 1164 2394 quo
1181 2321 1366 2393 promittitur
1386 2339 1449 2395 per·

326 2401 865 2478 multasEdd.,etiamLongol.,iutru-
907 2419 996 2476 petua
1009 2402 1146 2473 libertas,
1175 2405 1304 2474 nullius,
1333 2403 1448 2458 necho·

326 2503 369 2540 eo·
411 2484 494 2560 Quod
516 2499 689 2558 pronomen,
711 2483 869 2556 frequenter
909 2489 1015 2554 minis,
1058 2506 1107 2540 nee
1133 2487 1190 2538 Dei
1227 2488 1339 2546 timor?
1389 2481 1449 2541 Sal·

327 2569 473 2640 omissum,
488 2564 741 2640 h.l.suppleudum
754 2581 805 2620 est.
821 2564 867 2621 cf.
909 2560 1052 2624 lust.Cat.
1072 2565 1121 2626 37.
1143 2594 1183 2609 ·-
1211 2581 1323 2642 egestas
1349 2565 1449 2642 facile
1499 2561 1500 2573 ¹

325 2649 450 2708 Palairet.
476 2649 562 2706 Thes·
587 2648 688 2722 Ellips.
714 2649 809 2703 Latin.
839 2667 868 2720 p.
910 2651 1030 2706 nabetur·
1057 2655 1119 2705 sine
1150 2655 1263 2706 damno·
1301 2651 1378 2707 Male
1404 2649 1446 2704 Pi·

327 2732 400 2788 156.
431 2717 586 2804 Wopkens.
611 2733 690 2785 Leet.
727 2729 805 2786 Tull.
835 2750 866 2803 p·
908 2735 995 2788 ebena
1010 2733 1096 2788 verba
1111 2738 1203 2789 securi
1220 2737 1358 2788 aduersus
1372 2733 1445 2786 Dect

326 2811 396 2870 181.
421 2816 557 2868 Goerenz·
582 2813 616 2865 ad
633 2813 693 2866 Cice
719 2813 752 2866 de
778 2812 866 2888 Legg.
907 2821 1103 2890 interpretatus
1144 2833 1203 2872 esta
1231 2817 1346 2872 ¹otium
1375 2817 1445 2895 egri·

323 2915 353 2969 p.
380 2897 449 2950 175.
483 2893 612 2948 academ.
643 2889 868 2966 p.164.‘Heu·
907 2897 1031 2954 culturae
1059 2920 1116 2956 non
1145 2899 1312 2967 studebant,
1359 2895 1445 2957 securi

323 2980 395 3052 sing.
415 2991 442 3029 et
470 2979 558 3032 Beier.
584 2976 616 3033 ad
638 2977 696 3032 Cic.
726 2976 759 3030 de
779 2977 864 3032 Offic·
907 2983 988 3034 etiam
1006 2998 1083 3036 erant
1108 2983 1241 3039 adversus
1263 2985 1361 3056 Deos,
1381 2983 1401 3038 i·
1419 3001 1442 3040 u

320 3061 382 3125 111,
404 3061 454 3114 212
482 3056 594 3112 Walch.
616 3058 776 3118 Emendatt.
798 3062 864 3112 Liv.
906 3063 1036 3132 adversus
1054 3067 1197 3142 grandines
1215 3085 1245 3119 ac
1263 3078 1444 3142 teutpeetetes,

320 3160 351 3216 p.
372 3137 423 3196 81.
458 3159 540 3213 supra
568 3158 627 3215 cap.
650 3140 700 3202 45.
730 3163 759 3220 p.
791 3137 863 3199 203.
905 3159 1061 3219 ceterasque
1094 3151 1164 3204 coeii
1199 3150 1338 3228 injuriae,
1378 3165 1444 3222 quae
1495 3189 1496 3223 ,

319 3224 432 3290 Pateor.
457 3223 489 3276 ad
508 3222 536 3274 h·
554 3221 596 3280 1.]
834 3247 837 3252 ’
904 3243 1007 3304 segetes
1037 3245 1121 3307 arque
1148 3250 1245 3286 onmes
1271 3229 1341 3286 alios
1360 3245 1443 3290 terrae

359 3301 393 3382 p)
409 3307 646 3380 ingemereagris]
670 3308 865 3384 [Legemere
905 3313 1013 3366 fructus
1049 3313 1197 3390 aliquando
1230 3313 1369 3370 destruere
1399 3329 1442 3368 eo·
1494 3335 1495 3388 t

316 3387 349 3444 in
379 3392 450 3468 agris
482 3405 545 3464 prae
562 3387 687 3448 labore]
718 3393 757 3444 Ea
788 3393 862 3448 enim
903 3394 999 3450 ituit.⁶
1042 3399 1125 3452 Recte
1143 3399 1306 3451 Ernestiua:
1329 3395 1445 3452 sseeuri

317 3471 444 3527 omniurn
473 3475 677 3526 Germanorum
699 3469 755 3530 enai
778 3473 862 3526 indo·
903 3478 977 3530 sunt*
1003 3479 1141 3534 aduersus
1170 3481 1265 3550 Deos,
1304 3497 1364 3536 nou
1389 3491 1443 3554 quo
1493 3499 1494 3549 t

313 3551 365 3623 les,
376 3565 418 3622 ut,
434 3570 501 3610 teste
521 3553 628 3609 Nostro
644 3571 701 3628 cap·
721 3551 781 3622 14..
806 3569 862 3610 ter·
902 3557 996 3614 nulloe
1008 3561 1130 3635 credant,
1151 3563 1198 3618 sed
1216 3561 1291 3637 quod
1308 3563 1382 3620 nihil
1396 3562 1443 3614 11⁸·
1492 3613 1493 3630 ,

313 3653 374 3686 rana
395 3637 524 3694 arareiis
545 3635 621 3690 haud
650 3635 730 3692 facila
750 3655 861 3712 persua·
902 3639 1033 3698 bentibus
1056 3647 1175 3702 adimere
1199 3647 1250 3702 Dii
1277 3645 1352 3700 nihil
1378 3663 1442 3722 poe·
1492 3631 1493 3713 i

311 3717 397 3770 seriae
425 3718 495 3772 udde
526 3735 600 3791 cap..
618 3719 676 3774 26.
695 3734 764 3774 extr.
791 3727 859 3776 Am·
901 3734 1027 3784 eunuc]

311 3797 681 3870 mian.Marc.Xx11,8.
721 3803 810 3858 Strab.
834 3803 857 3860 l.
942 3801 968 3877 s)
995 3810 1278 3870 utillisssesset]
1309 3810 1440 3870 [inillis
1491 3807 1492 3875 t

311 3895 337 3935 e.
380 3877 524 3954 ingemere
540 3897 638 3938 aratro
655 3885 734 3963 Virg·
752 3887 855 3964 Georg.
898 3887 971 3944 cdd.
988 3893 1063 3966 Spir-
1079 3896 1143 3948 Put.
1159 3896 1243 3950 Mon.
1258 3889 1342 3948 Esset
1352 3892 1438 3950 Codd·

308 3963 343 4028 Ῑ.
369 3959 426 4021 715.
493 3965 621 4022 [bidenti
661 3969 774 4024 Lucrct.
812 3975 855 4041 V,
896 3987 1022 4052 etflvett.
1054 3976 1128 4030 Edd.
1167 3973 1253 4030 recte‘
1277 3991 1439 4032 revocavere

310 4045 405 4104 209.]
531 4063 533 4071 ’
705 4048 708 4057 ’
895 4058 963 4128 Em.
991 4057 1099 4113 Broter.
1114 4055 1227 4115 Passov.
1255 4058 1303 4111 cte
1322 4078 1337 4113 e
1353 4059 1440 4134 ecnje·
1489 4095 1490 4108 .

347 4119 381 4202 q)
405 4129 557 4187 illaborare
570 4129 710 4193 dontibus]
734 4129 859 4194 [Elabar-
897 4153 977 4192 cture
1009 4139 1101 4203 Rben.
1133 4159 1228 4197 omnes
1261 4139 1321 4198 fere
1347 4156 1438 4208 tecm,

306 4222 370 4266 rare
382 4211 438 4270 eu.
456 4219 557 4274 Mon-1
581 4217 764 4273 Rarissimam
787 4218 858 4273 itta·
898 4221 981 4276 etiam
993 4222 1116 4302 Lougoi.
1138 4228 1222 4300 uio]
1487 4215 1489 4365 1
