3016 5172
375 505 568 577 Grunnius.
618 509 732 612 Carus
752 508 860 609 XIII..
1121 509 1164 580 59

39 693 122 765 =hic
154 692 289 788 primus
319 693 488 784 juventae
526 699 667 770 honos:
705 691 787 768 an'te
813 697 891 771 ‘hoc
925 695 1056 770 domus
1079 719 1184 794 pars«
1223 777 1226 786 ‚

62 791 247 878 videntur,
270 821 360 868 mox
385 795 623 892 reipublicae,
664 796 820 892 Insignis
843 791 1075 886 nobilitas²)‚
1103 791 1229 888 atati,

62 917 191 990 magna
217 899 384 990 'spartum
436 895 582 979 merita,
632 895 806 993 principis
824 925 827 932 ·
848 895 1097 993 dignationem
1128 890 1163 982 ¹)

551 1090 555 1120 ἲ
700 1019 702 1026 ’
825 1028 850 1087 κ,
905 1043 908 1050 =
954 997 958 1004 ’
1050 995 1163 1070 xctiam

39 1231 41 1236 -
102 1186 127 1268 i)
156 1193 219 1247 baec
255 1209 311 1232 ·-·’
331 1202 429 1266 toga]
453 1193 591 1271 ,Lougoi
631 1195 697 1251 adeo
716 1193 803 1250 vitam
824 1211 875 1270 pro
899 1192 977 1252 illius
1002 1194 1088 1276 gioria
1109 1215 1162 1274 po·

62 1278 148 1334 Msc.
171 1295 217 1330 nec
241 1297 281 1315 ···
302 1291 388 1348 toga,
414 1275 493 1352 quod
513 1294 589 1354 egre·
630 1296 726 1340 suere.
747 1276 806 1330 aiiis
831 1276 970 1350 praeferri.

62 1362 106 1438 gie
125 1359 252 1413 convenit
268 1373 333 1413 cum
348 1377 404 1432 cap.
427 1359 464 1430 6,
485 1353 515 1416 3.
537 1380 590 1428 ιω,-
670 1354 696 1432 1)
704 1360 844 1432 principis
853 1362 1057 1432 dignationem]
1069 1361 1165 1420 [Prin-

63 1447 95 1498 di
134 1453 183 1496 eut
221 1441 323 1512 sagulo
365 1441 449 1512 leves,
490 1445 589 1514 uotoni
629 1445 723 1516 cipum
745 1439 1162 1514 Ed.tt10n.‹1²rtnctptoltuh.

66 1541 174 1600 quoque
213 1537 273 1591 est,
321 1526 471 1580 Germanos
523 1521 590 1578 belli
630 1521 746 1599 Duplici
768 1521 944 1598 explicationi
963 1524 1008 1578 hic
1021 1524 1163 1580 locutob-

64 1605 257 1662 amantissimos
283 1597 471 1660 nonhtbuisse
486 1619 590 1678 togam,
629 1609 731 1663 noxius
773 1621 822 1660 est·
850 1605 928 1660 ¹Alii
969 1605 1165 1678 dignationem

62 1689 134 1764 pacis
163 1687 369 1743 vestimentum.
435 1688 589 1742 Enimvero
630 1709 712 1747 sensu
741 1687 885 1742 transitivo
912 1689 1067 1763 accipiunt,
1106 1706 1164 1762 quo

63 1769 206 1846 vulgatum
237 1767 304 1822 haec
333 1791 374 1808 ·-·
399 1779 483 1843 toga,
514 1767 591 1846 quod
630 1770 702 1847 apud
734 1771 855 1843 optimos
890 1769 1034 1844 scriptores
1061 1770 1165 1850 legitur

63 1851 152 1906 multo
174 1849 292 1922 melius,
321 1853 471 1928 significate
516 1850 595 1927 apud*
630 1855 695 1908 Lie.
717 1855 762 1920 X,
785 1855 813 1906 7.
835 1854 912 1906 Suet.
934 1853 1020 1930 Calig.
1038 1870 1094 1928 cap·
1111 1849 1178 1912 24·x

39 1937 207 2012 'Germanos
247 1947 375 1988 scutum-
404 1933 591 2009 frameemque
631 1937 734 1995 Justin·
759 1935 900 2004 XXVIII,
921 1931 951 1995 4.
974 1935 1046 1990 Plin.
1065 1935 1163 2009 Paneg.
1225 1965 1228 1976 ·

64 2018 169 2094 signum
191 2017 251 2068 'esse
276 2015 370 2072 aetatis
390 2013 504 2086 virilis,
534 2017 588 2070 sic·
621 2027 688 2092 cap.
709 2015 772 2088 47,
805 2031 838 2070 ut
854 2015 1009 2093 Longolius
1033 2015 1164 2070 etorel·
1200 2043 1214 2057 -x

39 2114 93 2158 ¹ut
121 2094 192 2170 apud
215 2100 354 2151 Romanor
378 2113 483 2172 togam.
533 2100 590 2152 An·
629 2097 703 2167 lius,
743 2101 793 2175 qui
827 2097 922 2152 Iocum
954 2099 992 2151 ita
1027 2098 1163 2172 explicat:

62 2195 167 2255 tequam
191 2179 320 2234 Germani
343 2179 510 2236 robustiores
527 2177 592 2233 facti
632 2179 714 2236 »Ubi
744 2178 848 2236 scilicet
878 2181 989 2256 juvenis
1018 2195 1097 2234 ortus
1128 2197 1164 2232 ex

63 2276 165 2330 essent,
185 2262 265 2314 armis
285 2261 328 2314 uti
347 2261 385 2317 eis
405 2260 481 2315 haud
500 2259 591 2328 licuit,
630 2261 728 2337 plebe,
748 2261 849 2316 velex
870 2259 1025 2332 proceribus
1043 2277 1166 2334 quoque,

63 2361 87 2398 et
106 2343 176 2414 apud
191 2343 332 2397 Romanos
348 2345 427 2417 pueri
450 2355 591 2417 praetexta
631 2343 706 2398 haud
728 2361 819 2399 tamen
839 2341 940 2418 insigni
954 2340 1096 2396 nobiIitate
1116 2355 1165 2395 aut

62 2424 252 2480 induebantur.
315 2427 464 2484 [Romani‘
484 2423 592 2478 adoles·
633 2425 736 2479 eximio
754 2415 847 2496 ¹aliquo
882 2423 981 2476 merito
1007 2423 1164 2498 conspicuis
1219 2427 1222 2436 '

62 2521 148 2562 centes
181 2525 266 2582 usque
302 2507 338 2560 ad
372 2525 475 2562 annum
499 2506 594 2574 XVII,
633 2521 712 2561 scuto
740 2506 893 2577 frameaque
922 2519 1034 2559 ornatus
1058 2505 1166 2574 iuerat,

62 2610 113 2665 qua
131 2603 214 2643 aetate
230 2587 344 2645 militari
356 2587 389 2644 ab
409 2587 530 2665 antiquis
548 2585 593 2639 di·
626 2605 690 2642 uon
711 2587 775 2642 ideo
795 2588 886 2642 statim
903 2605 916 2639 a
934 2586 1054 2662 principe
1077 2583 1165 2640 robu-

61 2689 118 2741 cta,
153 2660 189 2724 ¹ad
219 2672 292 2726 viror
320 2686 386 2750 toga
414 2663 491 2726 viiili
522 2663 593 2744 (seu
634 2668 764 2725 stioribus
786 2687 816 2722 ac
838 2670 893 2745 jam
920 2666 1027 2741 pridem
1042 2667 1166 2742 probatis

60 2754 158 2824 libera,
186 2773 234 2808 seu
260 2747 354 2828 puta)
377 2767 468 2809 sumta
492 2751 592 2806 trausi-
624 2749 849 2831 aggregabatur,
893 2749 941 2805 sed
975 2749 1024 2805 teli
1061 2753 1167 2806 honore

61 2836 124 2890 bant
154 2835 297 2910 vitamque
325 2834 441 2889 civilem
468 2833 589 2908 auspice·
633 2831 825 2891 tantnmmodo
857 2847 920 2907 post
949 2834 1091 2910 egregium
1114 2828 1166 2886 ali·
1212 2875 1215 2884 ⁴

61 2919 167 2974 bantur.
210 2921 300 2992 Quam
315 2916 434 2984 solennis
454 2916 501 2970 bic
516 2929 591 2969 actus
632 2914 709 2988 quod
724 2913 828 2970 facinus
851 2928 988 2988 patratum
1004 2915 1074 2969 affici
1095 2911 1167 2969 sole·
1233 2911 1238 2920 '

59 3001 239 3071 (tirocinium
276 3016 378 3074 ponere
410 3017 476 3052 eum
507 3014 601 3074 voca-¹
632 2995 696 3058 batt
726 3015 814 3069 quum
834 3013 903 3052 vcro
930 2993 1169 3066 adolescentulus,

59 3073 146 3152 bant)
176 3083 261 3138 suerit
281 3081 334 3135 vd.
350 3079 422 3155 apud
444 3080 593 3151 Nieuport.
634 3079 682 3152 qui
712 3077 796 3135 modo
827 3091 955 3153 posuerat
992 3079 1169 3146 tirocinium,
1221 3123 1229 3140 ,

57 3167 101 3220 rit.
132 3169 249 3224 Roman.
282 3184 310 3238 p·
336 3156 408 3218 36'7.
433 3160 488 3216 Ed.¹
515 3159 593 3218 XIV.
619 3157 777 3215 nobilitate
795 3176 843 3214 aut
858 3159 964 3237 magnis
981 3174 1093 3232 patrum
1108 3178 1167 3213 me·

57 3247 129 3300 Plio.
147 3245 236 3320 Epist·
257 3249 289 3316 1,
310 3243 341 3300 9·
362 3248 411 3314 X,
435 3245 504 3303 117.
524 3242 593 3315 ibiq.
632 3243 695 3297 ritis
719 3261 776 3298 sese
792 3239 1013 3312 commendaret,
1043 3243 1169 3316 princeps

56 3331 173 3402 interpr.
195 3320 339 3388 *Iuvenes
356 3326 502 3395 Germani,
533 3338 593 3378 ante
635 3323 712 3378 nulla
730 3319 785 3402 jain
808 3343 890 3376 mora¹
900 3322 1061 3396 interposita
1073 3323 1168 3398 digna·

57 3411 109 3464 boc
126 3403 193 3486 pars
220 3410 320 3466 domus
339 3425 367 3464 et
387 3428 401 3461 a
420 3409 507 3461 servis
537 3423 594 3459 non
634 3404 715 3459 batur
746 3422 810 3456 eum
831 3402 949 3476 recipere
975 3405 1048 3457 inter
1067 3417 1170 3455 ceteros

58 3492 171 3547 discreti
204 3494 240 3548 cf.
279 3511 336 3568 cap.
370 3491 424 3557 19,
457 3486 541 3544 s'imul
565 3504 595 3541 ac
635 3487 750 3540 comites
787 3485 915 3560 quemvis
962 3482 1170 3539 robustiorem
1240 3531 1244 3537 .

54 3591 138 3629 scuto
174 3576 329 3649 frameaque
365 3587 452 3628 essent
488 3569 594 3636 ornati,
635 3567 696 3624 Alia
721 3586 803 3642 eaque
821 3564 942 3620 maxima
960 3585 1020 3640 pars
1035 3567 1170 3638 interpre·
1239 3601 1241 3606 ,

53 3658 143 3731 patria
168 3672 303 3731 potestate
321 3655 425 3710 exemti
441 3649 594 3726 rempubii·
636 3667 717 3722 tttm,
746 3665 779 3706 ut
797 3635 939 3704 Brbterius
961 3661 987 3700 et
1003 3650 1168 3702 Hartmann.
1215 3665 1217 3678 ¹

39 3743 112 3794 'cam
126 3738 311 3814 capessebant,
326 3737 449 3792 conciliis
465 3738 595 3794 interesse
636 3732 757 3788 Observ.
776 3735 805 3786 P.
823 3734 846 3783 1.
856 3751 884 3805 p.
897 3732 956 3799 17„
969 3731 1168 3804 dignationem

52 3819 236 3895 honoresque
273 3834 300 3874 ct
331 3837 446 3874 munere
482 3813 593 3890 adipisci
627 3834 715 3882 'seusu
731 3809 871 3892 diguitatis
888 3827 1079 3887 sumunt,quo
1096 3811 1176 3886 opud

50 3911 212 3976 poteraut]
633 3898 723 3952 Tacit·
741 3897 846 3970 saepius
868 3895 1013 3950 invenitur
1032 3900 1105 3950 Anu.
1120 3892 1169 3964 IV,

94 3980 132 4058 lt)
157 3983 322 4042 nobilitate]
353 3979 435 4038 Nihil
455 3979 528 4035 enim
548 3992 592 4032 ae·
635 3979 765 4047 164111,
787 3972 1167 4045 75·,Hist.111,80.1.iv.

50 4071 140 4140 quius
169 4082 229 4137 est,
250 4085 333 4143 quam
358 4063 429 4119 filios
457 4074 595 4137 posteros·
635 4065 680 4132 II,
715 4058 764 4118 16.
806 4062 900 4112 ventre
941 4063 971 4116 in
1006 4063 1167 4134 principum

50 4170 110 4222 qne
140 4140 259 4217 corum,
296 4165 417 4223 quorum
443 4136 539 4200 meriti
566 4140 595 4198 in
634 4145 829 4218 dignationem
855 4141 921 4216 ibiq.
945 4140 1103 4208 Drakeab„
1133 4155 1166 4194 ut

49 4232 178 4305 patriam
211 4233 327 4308 insignit
361 4233 455 4298 Iuerc,
493 4217 596 4302 quiqu·
635 4228 672 4284 sit
709 4225 942 4285 fractafracta,-
984 4221 1031 4278 ted
1066 4220 1163 4278 Barth.
